@book{Lohr,
  title = {Sampling Design and Analysis},
  author = {Lohr, Sharon L.},
  year = {2010},
  publisher = {Cengage Learning},
  pages = {380-382},
  section = {9.3.2 Jackknife}
}


@article{khademi2018complex,
  title={Complex Survey Data Analysis with SAS},
  author={Khademi, Abdolvahab},
  journal={Journal of Statistical Software},
  volume={84},
  pages={1--4},
  year={2018}
}

@misc{SummarySurveyAnalysis,
  title = {Summary of {{Survey Analysis Software}}},
  urldate = {2024-04-13},
  howpublished = {https://www.hcp.med.harvard.edu/statistics/survey-soft/\#Packages},
  file = {/home/ayush/snap/zotero-snap/common/Zotero/storage/RHEPM57L/survey-soft.html}
}

@article{lumley2004analysis,
  title={Analysis of complex survey samples},
  author={Lumley, Thomas},
  journal={Journal of statistical software},
  volume={9},
  pages={1--19},
  year={2004}
}

@article{hyndman1996sample,
  title={Sample quantiles in statistical packages},
  author={Hyndman, Rob J and Fan, Yanan},
  journal={The American Statistician},
  volume={50},
  number={4},
  pages={361--365},
  year={1996},
  publisher={Taylor \& Francis}
}

@article{rao1999mahalanobis,
  title={Mahalanobisâ€™ contributions to sample surveys: The origins of sampling in India},
  author={Rao, TJ},
  journal={Resonance},
  volume={4},
  number={6},
  pages={27--33},
  year={1999},
  publisher={Springer India New Delhi}
}
